@book{Example,
author = {John Doe},
year = {2022},
title = {Example title},
publisher = {Example publisher},
edition = {1},
pages = {263}
}
@misc{GitHubref,
author = {GitHub},
year = {2022},
howpublished = {https://web.archive.org/web/20221010102019/https://github.com/features}}






